%YAML 1.1
%TAG !u! tag:unity3d.com,2011:
--- !u!1 &1054221298698595141
GameObject:
  m_ObjectHideFlags: 0
  m_CorrespondingSourceObject: {fileID: 0}
  m_PrefabInstance: {fileID: 0}
  m_PrefabAsset: {fileID: 0}
  serializedVersion: 6
  m_Component:
  - component: {fileID: 3849358958831270506}
  - component: {fileID: 3999974800937701981}
  - component: {fileID: 6143680874285328462}
  - component: {fileID: 8549195519843794447}
  - component: {fileID: 8302350172685400315}
  - component: {fileID: 8295183334055638933}
  - component: {fileID: 25768481773386537}
  m_Layer: 0
  m_Name: Vent Thrower
  m_TagString: Untagged
  m_Icon: {fileID: 0}
  m_NavMeshLayer: 0
  m_StaticEditorFlags: 0
  m_IsActive: 1
--- !u!4 &3849358958831270506
Transform:
  m_ObjectHideFlags: 0
  m_CorrespondingSourceObject: {fileID: 0}
  m_PrefabInstance: {fileID: 0}
  m_PrefabAsset: {fileID: 0}
  m_GameObject: {fileID: 1054221298698595141}
  m_LocalRotation: {x: 0, y: 0, z: 0, w: 1}
  m_LocalPosition: {x: 0, y: 0, z: 0}
  m_LocalScale: {x: 1, y: 1, z: 1}
  m_Children:
  - {fileID: 8650936688612314774}
  - {fileID: 5786520881754753594}
  m_Father: {fileID: 0}
  m_RootOrder: 0
  m_LocalEulerAnglesHint: {x: 0, y: 0, z: 0}
--- !u!114 &3999974800937701981
MonoBehaviour:
  m_ObjectHideFlags: 0
  m_CorrespondingSourceObject: {fileID: 0}
  m_PrefabInstance: {fileID: 0}
  m_PrefabAsset: {fileID: 0}
  m_GameObject: {fileID: 1054221298698595141}
  m_Enabled: 1
  m_EditorHideFlags: 0
  m_Script: {fileID: 11500000, guid: 4345e36fa7cbde246b0d136c27a57533, type: 3}
  m_Name: 
  m_EditorClassIdentifier: 
  Targets: []
--- !u!114 &6143680874285328462
MonoBehaviour:
  m_ObjectHideFlags: 0
  m_CorrespondingSourceObject: {fileID: 0}
  m_PrefabInstance: {fileID: 0}
  m_PrefabAsset: {fileID: 0}
  m_GameObject: {fileID: 1054221298698595141}
  m_Enabled: 1
  m_EditorHideFlags: 0
  m_Script: {fileID: 11500000, guid: 72e91135b4d3717458996de89bdaa0ed, type: 3}
  m_Name: 
  m_EditorClassIdentifier: 
  Attribute: {fileID: 11400000, guid: b5615e13568158244985933db8060bf6, type: 2}
--- !u!114 &8549195519843794447
MonoBehaviour:
  m_ObjectHideFlags: 0
  m_CorrespondingSourceObject: {fileID: 0}
  m_PrefabInstance: {fileID: 0}
  m_PrefabAsset: {fileID: 0}
  m_GameObject: {fileID: 1054221298698595141}
  m_Enabled: 1
  m_EditorHideFlags: 0
  m_Script: {fileID: 11500000, guid: 9e05104ccf3787f4eaa9366abdb4d5c8, type: 3}
  m_Name: 
  m_EditorClassIdentifier: 
  Stat: MP
  Amount: 6
--- !u!114 &8302350172685400315
MonoBehaviour:
  m_ObjectHideFlags: 0
  m_CorrespondingSourceObject: {fileID: 0}
  m_PrefabInstance: {fileID: 0}
  m_PrefabAsset: {fileID: 0}
  m_GameObject: {fileID: 1054221298698595141}
  m_Enabled: 1
  m_EditorHideFlags: 0
  m_Script: {fileID: 11500000, guid: aa32dac384145064388a14d639354487, type: 3}
  m_Name: 
  m_EditorClassIdentifier: 
  HitRate: 100
--- !u!114 &8295183334055638933
MonoBehaviour:
  m_ObjectHideFlags: 0
  m_CorrespondingSourceObject: {fileID: 0}
  m_PrefabInstance: {fileID: 0}
  m_PrefabAsset: {fileID: 0}
  m_GameObject: {fileID: 1054221298698595141}
  m_Enabled: 1
  m_EditorHideFlags: 0
  m_Script: {fileID: 11500000, guid: a199c351c6c4d254380b55172bca2c32, type: 3}
  m_Name: 
  m_EditorClassIdentifier: 
  Value: User unleashes a burst of AIR. This ability may increase SPD when used.
--- !u!114 &25768481773386537
MonoBehaviour:
  m_ObjectHideFlags: 0
  m_CorrespondingSourceObject: {fileID: 0}
  m_PrefabInstance: {fileID: 0}
  m_PrefabAsset: {fileID: 0}
  m_GameObject: {fileID: 1054221298698595141}
  m_Enabled: 1
  m_EditorHideFlags: 0
  m_Script: {fileID: 11500000, guid: 8da262c5755d4fc47bbb1336ae3138f0, type: 3}
  m_Name: 
  m_EditorClassIdentifier: 
  Strength: 35
  AttackingStat: MAT
  DefendingStat: MDF
--- !u!1001 &1293168061974411664
PrefabInstance:
  m_ObjectHideFlags: 0
  serializedVersion: 2
  m_Modification:
    m_TransformParent: {fileID: 3849358958831270506}
    m_Modifications:
    - target: {fileID: 7636992903612266246, guid: 2815a27b7a39628418b704b1334d23fb,
        type: 3}
      propertyPath: m_RootOrder
      value: 0
      objectReference: {fileID: 0}
    - target: {fileID: 7636992903612266246, guid: 2815a27b7a39628418b704b1334d23fb,
        type: 3}
      propertyPath: m_LocalPosition.x
      value: 0
      objectReference: {fileID: 0}
    - target: {fileID: 7636992903612266246, guid: 2815a27b7a39628418b704b1334d23fb,
        type: 3}
      propertyPath: m_LocalPosition.y
      value: 0
      objectReference: {fileID: 0}
    - target: {fileID: 7636992903612266246, guid: 2815a27b7a39628418b704b1334d23fb,
        type: 3}
      propertyPath: m_LocalPosition.z
      value: 0
      objectReference: {fileID: 0}
    - target: {fileID: 7636992903612266246, guid: 2815a27b7a39628418b704b1334d23fb,
        type: 3}
      propertyPath: m_LocalRotation.w
      value: 1
      objectReference: {fileID: 0}
    - target: {fileID: 7636992903612266246, guid: 2815a27b7a39628418b704b1334d23fb,
        type: 3}
      propertyPath: m_LocalRotation.x
      value: 0
      objectReference: {fileID: 0}
    - target: {fileID: 7636992903612266246, guid: 2815a27b7a39628418b704b1334d23fb,
        type: 3}
      propertyPath: m_LocalRotation.y
      value: 0
      objectReference: {fileID: 0}
    - target: {fileID: 7636992903612266246, guid: 2815a27b7a39628418b704b1334d23fb,
        type: 3}
      propertyPath: m_LocalRotation.z
      value: 0
      objectReference: {fileID: 0}
    - target: {fileID: 7636992903612266246, guid: 2815a27b7a39628418b704b1334d23fb,
        type: 3}
      propertyPath: m_LocalEulerAnglesHint.x
      value: 0
      objectReference: {fileID: 0}
    - target: {fileID: 7636992903612266246, guid: 2815a27b7a39628418b704b1334d23fb,
        type: 3}
      propertyPath: m_LocalEulerAnglesHint.y
      value: 0
      objectReference: {fileID: 0}
    - target: {fileID: 7636992903612266246, guid: 2815a27b7a39628418b704b1334d23fb,
        type: 3}
      propertyPath: m_LocalEulerAnglesHint.z
      value: 0
      objectReference: {fileID: 0}
    - target: {fileID: 7644698389268266524, guid: 2815a27b7a39628418b704b1334d23fb,
        type: 3}
      propertyPath: m_Name
      value: SingleTargetDamage
      objectReference: {fileID: 0}
    m_RemovedComponents: []
  m_SourcePrefab: {fileID: 100100000, guid: 2815a27b7a39628418b704b1334d23fb, type: 3}
--- !u!4 &8650936688612314774 stripped
Transform:
  m_CorrespondingSourceObject: {fileID: 7636992903612266246, guid: 2815a27b7a39628418b704b1334d23fb,
    type: 3}
  m_PrefabInstance: {fileID: 1293168061974411664}
  m_PrefabAsset: {fileID: 0}
--- !u!1001 &7323077529541973988
PrefabInstance:
  m_ObjectHideFlags: 0
  serializedVersion: 2
  m_Modification:
    m_TransformParent: {fileID: 3849358958831270506}
    m_Modifications:
    - target: {fileID: 3885786396570541534, guid: be2ae5dc07c4ac140b3fba4f39c539b3,
        type: 3}
      propertyPath: m_RootOrder
      value: 1
      objectReference: {fileID: 0}
    - target: {fileID: 3885786396570541534, guid: be2ae5dc07c4ac140b3fba4f39c539b3,
        type: 3}
      propertyPath: m_LocalPosition.x
      value: 0
      objectReference: {fileID: 0}
    - target: {fileID: 3885786396570541534, guid: be2ae5dc07c4ac140b3fba4f39c539b3,
        type: 3}
      propertyPath: m_LocalPosition.y
      value: 0
      objectReference: {fileID: 0}
    - target: {fileID: 3885786396570541534, guid: be2ae5dc07c4ac140b3fba4f39c539b3,
        type: 3}
      propertyPath: m_LocalPosition.z
      value: 0
      objectReference: {fileID: 0}
    - target: {fileID: 3885786396570541534, guid: be2ae5dc07c4ac140b3fba4f39c539b3,
        type: 3}
      propertyPath: m_LocalRotation.w
      value: 1
      objectReference: {fileID: 0}
    - target: {fileID: 3885786396570541534, guid: be2ae5dc07c4ac140b3fba4f39c539b3,
        type: 3}
      propertyPath: m_LocalRotation.x
      value: 0
      objectReference: {fileID: 0}
    - target: {fileID: 3885786396570541534, guid: be2ae5dc07c4ac140b3fba4f39c539b3,
        type: 3}
      propertyPath: m_LocalRotation.y
      value: 0
      objectReference: {fileID: 0}
    - target: {fileID: 3885786396570541534, guid: be2ae5dc07c4ac140b3fba4f39c539b3,
        type: 3}
      propertyPath: m_LocalRotation.z
      value: 0
      objectReference: {fileID: 0}
    - target: {fileID: 3885786396570541534, guid: be2ae5dc07c4ac140b3fba4f39c539b3,
        type: 3}
      propertyPath: m_LocalEulerAnglesHint.x
      value: 0
      objectReference: {fileID: 0}
    - target: {fileID: 3885786396570541534, guid: be2ae5dc07c4ac140b3fba4f39c539b3,
        type: 3}
      propertyPath: m_LocalEulerAnglesHint.y
      value: 0
      objectReference: {fileID: 0}
    - target: {fileID: 3885786396570541534, guid: be2ae5dc07c4ac140b3fba4f39c539b3,
        type: 3}
      propertyPath: m_LocalEulerAnglesHint.z
      value: 0
      objectReference: {fileID: 0}
    - target: {fileID: 8949491348861354324, guid: be2ae5dc07c4ac140b3fba4f39c539b3,
        type: 3}
      propertyPath: m_Name
      value: SelfStatChangeEffect
      objectReference: {fileID: 0}
    m_RemovedComponents: []
  m_SourcePrefab: {fileID: 100100000, guid: be2ae5dc07c4ac140b3fba4f39c539b3, type: 3}
--- !u!4 &5786520881754753594 stripped
Transform:
  m_CorrespondingSourceObject: {fileID: 3885786396570541534, guid: be2ae5dc07c4ac140b3fba4f39c539b3,
    type: 3}
  m_PrefabInstance: {fileID: 7323077529541973988}
  m_PrefabAsset: {fileID: 0}
