%YAML 1.1
%TAG !u! tag:unity3d.com,2011:
--- !u!1 &231059779877643138
GameObject:
  m_ObjectHideFlags: 0
  m_CorrespondingSourceObject: {fileID: 0}
  m_PrefabInstance: {fileID: 0}
  m_PrefabAsset: {fileID: 0}
  serializedVersion: 6
  m_Component:
  - component: {fileID: 1927465966066247776}
  - component: {fileID: 2595579780800028094}
  - component: {fileID: 7205150444647299472}
  - component: {fileID: 2893802948044298917}
  - component: {fileID: 1002394418682605565}
  - component: {fileID: 15191772113441835}
  m_Layer: 0
  m_Name: BattleController
  m_TagString: Untagged
  m_Icon: {fileID: 0}
  m_NavMeshLayer: 0
  m_StaticEditorFlags: 0
  m_IsActive: 1
--- !u!4 &1927465966066247776
Transform:
  m_ObjectHideFlags: 0
  m_CorrespondingSourceObject: {fileID: 0}
  m_PrefabInstance: {fileID: 0}
  m_PrefabAsset: {fileID: 0}
  m_GameObject: {fileID: 231059779877643138}
  m_LocalRotation: {x: 0, y: 0, z: 0, w: 1}
  m_LocalPosition: {x: 0, y: 0, z: 0}
  m_LocalScale: {x: 1, y: 1, z: 1}
  m_Children:
  - {fileID: 1588682516350328590}
  - {fileID: 3819207121245841281}
  - {fileID: 8835137592330151533}
  - {fileID: 4110566724371361835}
  - {fileID: 6576919520623988151}
  - {fileID: 5853133745632489331}
  - {fileID: 7398958283892361708}
  - {fileID: 6057699237011526134}
  - {fileID: 5941203516508084601}
  m_Father: {fileID: 0}
  m_RootOrder: 0
  m_LocalEulerAnglesHint: {x: 0, y: 0, z: 0}
--- !u!114 &2595579780800028094
MonoBehaviour:
  m_ObjectHideFlags: 0
  m_CorrespondingSourceObject: {fileID: 0}
  m_PrefabInstance: {fileID: 0}
  m_PrefabAsset: {fileID: 0}
  m_GameObject: {fileID: 231059779877643138}
  m_Enabled: 1
  m_EditorHideFlags: 0
  m_Script: {fileID: 11500000, guid: d0b5bac83f6dd7b49813a81bf12e2035, type: 3}
  m_Name: 
  m_EditorClassIdentifier: 
  Debugging: 0
  CameraRig: {fileID: 1588682516350328585}
  HeroPrefab: {fileID: 6469682230172930058, guid: 95856531561b423418353a979a2bc633,
    type: 3}
  ItemPrefab: {fileID: 4277609389032128937, guid: 868f3b37d8d69914aa0413c67e0988ea,
    type: 3}
  AbilityMenuPanelController: {fileID: 3789806700537988415}
  StatPanelController: {fileID: 6962137380763715007}
  Units: []
  Player: {fileID: 1002394418682605565}
  Opponent: {fileID: 7205150444647299472}
  ObjectPool: {fileID: 7398958283892361708}
  BattleMessageController: {fileID: 8835137592330151532}
  SmallBattleMessageController: {fileID: 6556064330445524951}
  AutoStatusController: {fileID: 3080105977227359069}
  StatGrowthPanel: {fileID: 5941203516508084600}
  NonBattleMenu: {fileID: 6057699237011526137}
  NonBattleMenuController: {fileID: 7970181717855499552}
  CurrentUnit: {fileID: 0}
  BattlePlacements:
  - {fileID: 0}
  - {fileID: 0}
--- !u!114 &7205150444647299472
MonoBehaviour:
  m_ObjectHideFlags: 0
  m_CorrespondingSourceObject: {fileID: 0}
  m_PrefabInstance: {fileID: 0}
  m_PrefabAsset: {fileID: 0}
  m_GameObject: {fileID: 231059779877643138}
  m_Enabled: 1
  m_EditorHideFlags: 0
  m_Script: {fileID: 11500000, guid: f31b59719325c9641a28a7fd3b209447, type: 3}
  m_Name: 
  m_EditorClassIdentifier: 
  Units: []
  Items: []
  Name: 
  ParticipatingUnits: []
--- !u!114 &2893802948044298917
MonoBehaviour:
  m_ObjectHideFlags: 0
  m_CorrespondingSourceObject: {fileID: 0}
  m_PrefabInstance: {fileID: 0}
  m_PrefabAsset: {fileID: 0}
  m_GameObject: {fileID: 231059779877643138}
  m_Enabled: 1
  m_EditorHideFlags: 0
  m_Script: {fileID: 11500000, guid: c850d9c380fcf0c4991e9dc0fdef17f4, type: 3}
  m_Name: 
  m_EditorClassIdentifier: 
--- !u!114 &1002394418682605565
MonoBehaviour:
  m_ObjectHideFlags: 0
  m_CorrespondingSourceObject: {fileID: 0}
  m_PrefabInstance: {fileID: 0}
  m_PrefabAsset: {fileID: 0}
  m_GameObject: {fileID: 231059779877643138}
  m_Enabled: 1
  m_EditorHideFlags: 0
  m_Script: {fileID: 11500000, guid: aed95e7ac9eeeac4aadf893b55fbae96, type: 3}
  m_Name: 
  m_EditorClassIdentifier: 
  Units: []
  Items: []
  Name: 
  ParticipatingUnits: []
--- !u!114 &15191772113441835
MonoBehaviour:
  m_ObjectHideFlags: 0
  m_CorrespondingSourceObject: {fileID: 0}
  m_PrefabInstance: {fileID: 0}
  m_PrefabAsset: {fileID: 0}
  m_GameObject: {fileID: 231059779877643138}
  m_Enabled: 1
  m_EditorHideFlags: 0
  m_Script: {fileID: 11500000, guid: 85207549e0ac70d44a0739cfb94c4d34, type: 3}
  m_Name: 
  m_EditorClassIdentifier: 
--- !u!1 &1451454513842609082
GameObject:
  m_ObjectHideFlags: 0
  m_CorrespondingSourceObject: {fileID: 0}
  m_PrefabInstance: {fileID: 0}
  m_PrefabAsset: {fileID: 0}
  serializedVersion: 6
  m_Component:
  - component: {fileID: 7398958283892361708}
  - component: {fileID: 471297542907651249}
  m_Layer: 0
  m_Name: ObjectPool
  m_TagString: Untagged
  m_Icon: {fileID: 0}
  m_NavMeshLayer: 0
  m_StaticEditorFlags: 0
  m_IsActive: 1
--- !u!4 &7398958283892361708
Transform:
  m_ObjectHideFlags: 0
  m_CorrespondingSourceObject: {fileID: 0}
  m_PrefabInstance: {fileID: 0}
  m_PrefabAsset: {fileID: 0}
  m_GameObject: {fileID: 1451454513842609082}
  m_LocalRotation: {x: 0, y: 0, z: 0, w: 1}
  m_LocalPosition: {x: 0, y: -6, z: 0}
  m_LocalScale: {x: 1, y: 1, z: 1}
  m_Children: []
  m_Father: {fileID: 1927465966066247776}
  m_RootOrder: 6
  m_LocalEulerAnglesHint: {x: 0, y: 0, z: 0}
--- !u!114 &471297542907651249
MonoBehaviour:
  m_ObjectHideFlags: 0
  m_CorrespondingSourceObject: {fileID: 0}
  m_PrefabInstance: {fileID: 0}
  m_PrefabAsset: {fileID: 0}
  m_GameObject: {fileID: 1451454513842609082}
  m_Enabled: 1
  m_EditorHideFlags: 0
  m_Script: {fileID: 11500000, guid: 86128e862009d124895a3ef9b4d56a97, type: 3}
  m_Name: 
  m_EditorClassIdentifier: 
--- !u!114 &160004313096370666
MonoBehaviour:
  m_ObjectHideFlags: 0
  m_CorrespondingSourceObject: {fileID: 0}
  m_PrefabInstance: {fileID: 0}
  m_PrefabAsset: {fileID: 0}
  m_GameObject: {fileID: 6057699237030266368}
  m_Enabled: 1
  m_EditorHideFlags: 0
  m_Script: {fileID: 11500000, guid: d635868c9ace8db48a65bb3961e96ed6, type: 3}
  m_Name: 
  m_EditorClassIdentifier: 
  PositionList:
  - name: Show
    myAnchor: 6
    parentAnchor: 6
    offset: {x: 50, y: 40}
  - name: Hide
    myAnchor: 8
    parentAnchor: 6
    offset: {x: 50, y: 40}
--- !u!114 &3170856208515645173
MonoBehaviour:
  m_ObjectHideFlags: 0
  m_CorrespondingSourceObject: {fileID: 0}
  m_PrefabInstance: {fileID: 0}
  m_PrefabAsset: {fileID: 0}
  m_GameObject: {fileID: 6057699237030266368}
  m_Enabled: 1
  m_EditorHideFlags: 0
  m_Script: {fileID: 11500000, guid: 9f85543c15847354bb3d2eee60fdb631, type: 3}
  m_Name: 
  m_EditorClassIdentifier: 
--- !u!1001 &890402220426274463
PrefabInstance:
  m_ObjectHideFlags: 0
  serializedVersion: 2
  m_Modification:
    m_TransformParent: {fileID: 1927465966066247776}
    m_Modifications:
    - target: {fileID: 4972308311458056982, guid: e7bdaf3a4b4ae2143a8c68cb1011d1bd,
        type: 3}
      propertyPath: m_Name
      value: StatPanelController
      objectReference: {fileID: 0}
    - target: {fileID: 3841837329002534580, guid: e7bdaf3a4b4ae2143a8c68cb1011d1bd,
        type: 3}
      propertyPath: m_LocalPosition.x
      value: 0
      objectReference: {fileID: 0}
    - target: {fileID: 3841837329002534580, guid: e7bdaf3a4b4ae2143a8c68cb1011d1bd,
        type: 3}
      propertyPath: m_LocalPosition.y
      value: 0
      objectReference: {fileID: 0}
    - target: {fileID: 3841837329002534580, guid: e7bdaf3a4b4ae2143a8c68cb1011d1bd,
        type: 3}
      propertyPath: m_LocalPosition.z
      value: 0
      objectReference: {fileID: 0}
    - target: {fileID: 3841837329002534580, guid: e7bdaf3a4b4ae2143a8c68cb1011d1bd,
        type: 3}
      propertyPath: m_LocalRotation.x
      value: 0
      objectReference: {fileID: 0}
    - target: {fileID: 3841837329002534580, guid: e7bdaf3a4b4ae2143a8c68cb1011d1bd,
        type: 3}
      propertyPath: m_LocalRotation.y
      value: 0
      objectReference: {fileID: 0}
    - target: {fileID: 3841837329002534580, guid: e7bdaf3a4b4ae2143a8c68cb1011d1bd,
        type: 3}
      propertyPath: m_LocalRotation.z
      value: 0
      objectReference: {fileID: 0}
    - target: {fileID: 3841837329002534580, guid: e7bdaf3a4b4ae2143a8c68cb1011d1bd,
        type: 3}
      propertyPath: m_LocalRotation.w
      value: 1
      objectReference: {fileID: 0}
    - target: {fileID: 3841837329002534580, guid: e7bdaf3a4b4ae2143a8c68cb1011d1bd,
        type: 3}
      propertyPath: m_RootOrder
      value: 3
      objectReference: {fileID: 0}
    - target: {fileID: 3841837329002534580, guid: e7bdaf3a4b4ae2143a8c68cb1011d1bd,
        type: 3}
      propertyPath: m_LocalEulerAnglesHint.x
      value: 0
      objectReference: {fileID: 0}
    - target: {fileID: 3841837329002534580, guid: e7bdaf3a4b4ae2143a8c68cb1011d1bd,
        type: 3}
      propertyPath: m_LocalEulerAnglesHint.y
      value: 0
      objectReference: {fileID: 0}
    - target: {fileID: 3841837329002534580, guid: e7bdaf3a4b4ae2143a8c68cb1011d1bd,
        type: 3}
      propertyPath: m_LocalEulerAnglesHint.z
      value: 0
      objectReference: {fileID: 0}
    - target: {fileID: 1803184785264262556, guid: e7bdaf3a4b4ae2143a8c68cb1011d1bd,
        type: 3}
      propertyPath: m_AnchoredPosition.y
      value: -130
      objectReference: {fileID: 0}
    - target: {fileID: 1803184785264262556, guid: e7bdaf3a4b4ae2143a8c68cb1011d1bd,
        type: 3}
      propertyPath: m_SizeDelta.y
      value: 130
      objectReference: {fileID: 0}
    - target: {fileID: 4061931382978741675, guid: e7bdaf3a4b4ae2143a8c68cb1011d1bd,
        type: 3}
      propertyPath: m_AnchoredPosition.y
      value: 12
      objectReference: {fileID: 0}
    m_RemovedComponents: []
  m_SourcePrefab: {fileID: 100100000, guid: e7bdaf3a4b4ae2143a8c68cb1011d1bd, type: 3}
--- !u!4 &4110566724371361835 stripped
Transform:
  m_CorrespondingSourceObject: {fileID: 3841837329002534580, guid: e7bdaf3a4b4ae2143a8c68cb1011d1bd,
    type: 3}
  m_PrefabInstance: {fileID: 890402220426274463}
  m_PrefabAsset: {fileID: 0}
--- !u!114 &6962137380763715007 stripped
MonoBehaviour:
  m_CorrespondingSourceObject: {fileID: 7837709301863539488, guid: e7bdaf3a4b4ae2143a8c68cb1011d1bd,
    type: 3}
  m_PrefabInstance: {fileID: 890402220426274463}
  m_PrefabAsset: {fileID: 0}
  m_GameObject: {fileID: 0}
  m_Enabled: 1
  m_EditorHideFlags: 0
  m_Script: {fileID: 11500000, guid: f19c07b68f57abc408881c249808b7a7, type: 3}
  m_Name: 
  m_EditorClassIdentifier: 
--- !u!1001 &3637452984062152182
PrefabInstance:
  m_ObjectHideFlags: 0
  serializedVersion: 2
  m_Modification:
    m_TransformParent: {fileID: 1927465966066247776}
    m_Modifications:
    - target: {fileID: 5252994746476686232, guid: 8b0a5242b1bc2ae4fa5927288da48222,
        type: 3}
      propertyPath: m_Name
      value: BattleMessageController
      objectReference: {fileID: 0}
    - target: {fileID: 5252994746476686235, guid: 8b0a5242b1bc2ae4fa5927288da48222,
        type: 3}
      propertyPath: m_LocalPosition.x
      value: 0
      objectReference: {fileID: 0}
    - target: {fileID: 5252994746476686235, guid: 8b0a5242b1bc2ae4fa5927288da48222,
        type: 3}
      propertyPath: m_LocalPosition.y
      value: 0
      objectReference: {fileID: 0}
    - target: {fileID: 5252994746476686235, guid: 8b0a5242b1bc2ae4fa5927288da48222,
        type: 3}
      propertyPath: m_LocalPosition.z
      value: 0
      objectReference: {fileID: 0}
    - target: {fileID: 5252994746476686235, guid: 8b0a5242b1bc2ae4fa5927288da48222,
        type: 3}
      propertyPath: m_LocalRotation.x
      value: 0
      objectReference: {fileID: 0}
    - target: {fileID: 5252994746476686235, guid: 8b0a5242b1bc2ae4fa5927288da48222,
        type: 3}
      propertyPath: m_LocalRotation.y
      value: 0
      objectReference: {fileID: 0}
    - target: {fileID: 5252994746476686235, guid: 8b0a5242b1bc2ae4fa5927288da48222,
        type: 3}
      propertyPath: m_LocalRotation.z
      value: 0
      objectReference: {fileID: 0}
    - target: {fileID: 5252994746476686235, guid: 8b0a5242b1bc2ae4fa5927288da48222,
        type: 3}
      propertyPath: m_LocalRotation.w
      value: 1
      objectReference: {fileID: 0}
    - target: {fileID: 5252994746476686235, guid: 8b0a5242b1bc2ae4fa5927288da48222,
        type: 3}
      propertyPath: m_RootOrder
      value: 2
      objectReference: {fileID: 0}
    - target: {fileID: 5252994746476686235, guid: 8b0a5242b1bc2ae4fa5927288da48222,
        type: 3}
      propertyPath: m_LocalEulerAnglesHint.x
      value: 0
      objectReference: {fileID: 0}
    - target: {fileID: 5252994746476686235, guid: 8b0a5242b1bc2ae4fa5927288da48222,
        type: 3}
      propertyPath: m_LocalEulerAnglesHint.y
      value: 0
      objectReference: {fileID: 0}
    - target: {fileID: 5252994746476686235, guid: 8b0a5242b1bc2ae4fa5927288da48222,
        type: 3}
      propertyPath: m_LocalEulerAnglesHint.z
      value: 0
      objectReference: {fileID: 0}
    m_RemovedComponents: []
  m_SourcePrefab: {fileID: 100100000, guid: 8b0a5242b1bc2ae4fa5927288da48222, type: 3}
--- !u!4 &8835137592330151533 stripped
Transform:
  m_CorrespondingSourceObject: {fileID: 5252994746476686235, guid: 8b0a5242b1bc2ae4fa5927288da48222,
    type: 3}
  m_PrefabInstance: {fileID: 3637452984062152182}
  m_PrefabAsset: {fileID: 0}
--- !u!114 &8835137592330151532 stripped
MonoBehaviour:
  m_CorrespondingSourceObject: {fileID: 5252994746476686234, guid: 8b0a5242b1bc2ae4fa5927288da48222,
    type: 3}
  m_PrefabInstance: {fileID: 3637452984062152182}
  m_PrefabAsset: {fileID: 0}
  m_GameObject: {fileID: 0}
  m_Enabled: 1
  m_EditorHideFlags: 0
  m_Script: {fileID: 11500000, guid: 4772f5717adc669439648a2495b4531d, type: 3}
  m_Name: 
  m_EditorClassIdentifier: 
--- !u!1001 &3749253141025505097
PrefabInstance:
  m_ObjectHideFlags: 0
  serializedVersion: 2
  m_Modification:
    m_TransformParent: {fileID: 1927465966066247776}
    m_Modifications:
    - target: {fileID: 2030342245824817443, guid: 08f15b7f2086cc74e9535d34d720097e,
        type: 3}
      propertyPath: m_AnchorMin.y
      value: 0
      objectReference: {fileID: 0}
    - target: {fileID: 2030342245824817443, guid: 08f15b7f2086cc74e9535d34d720097e,
        type: 3}
      propertyPath: m_AnchorMax.y
      value: 0
      objectReference: {fileID: 0}
    - target: {fileID: 2030342245824817443, guid: 08f15b7f2086cc74e9535d34d720097e,
        type: 3}
      propertyPath: m_AnchoredPosition.x
      value: 0
      objectReference: {fileID: 0}
    - target: {fileID: 2030342245824817443, guid: 08f15b7f2086cc74e9535d34d720097e,
        type: 3}
      propertyPath: m_AnchoredPosition.y
      value: 0
      objectReference: {fileID: 0}
    - target: {fileID: 2030839140265759345, guid: 08f15b7f2086cc74e9535d34d720097e,
        type: 3}
      propertyPath: m_AnchorMin.y
      value: 0
      objectReference: {fileID: 0}
    - target: {fileID: 2030839140265759345, guid: 08f15b7f2086cc74e9535d34d720097e,
        type: 3}
      propertyPath: m_AnchorMax.y
      value: 0
      objectReference: {fileID: 0}
    - target: {fileID: 2030839140265759345, guid: 08f15b7f2086cc74e9535d34d720097e,
        type: 3}
      propertyPath: m_AnchoredPosition.x
      value: 0
      objectReference: {fileID: 0}
    - target: {fileID: 2030839140265759345, guid: 08f15b7f2086cc74e9535d34d720097e,
        type: 3}
      propertyPath: m_AnchoredPosition.y
      value: 0
      objectReference: {fileID: 0}
    - target: {fileID: 2030617301905533227, guid: 08f15b7f2086cc74e9535d34d720097e,
        type: 3}
      propertyPath: m_SizeDelta.y
      value: 0
      objectReference: {fileID: 0}
    - target: {fileID: 860242426180153994, guid: 08f15b7f2086cc74e9535d34d720097e,
        type: 3}
      propertyPath: PositionList.Array.data[0].offset.x
      value: 50
      objectReference: {fileID: 0}
    - target: {fileID: 860242426180153994, guid: 08f15b7f2086cc74e9535d34d720097e,
        type: 3}
      propertyPath: PositionList.Array.data[1].offset.x
      value: 50
      objectReference: {fileID: 0}
    - target: {fileID: 860242426180153994, guid: 08f15b7f2086cc74e9535d34d720097e,
        type: 3}
      propertyPath: PositionList.Array.data[0].offset.y
      value: 40
      objectReference: {fileID: 0}
    - target: {fileID: 860242426180153994, guid: 08f15b7f2086cc74e9535d34d720097e,
        type: 3}
      propertyPath: PositionList.Array.data[1].offset.y
      value: 40
      objectReference: {fileID: 0}
    - target: {fileID: 4183477021425355395, guid: 08f15b7f2086cc74e9535d34d720097e,
        type: 3}
      propertyPath: PositionList.Array.data[0].offset.x
      value: 50
      objectReference: {fileID: 0}
    - target: {fileID: 4183477021425355395, guid: 08f15b7f2086cc74e9535d34d720097e,
        type: 3}
      propertyPath: PositionList.Array.data[1].offset.x
      value: 50
      objectReference: {fileID: 0}
    - target: {fileID: 4183477021425355395, guid: 08f15b7f2086cc74e9535d34d720097e,
        type: 3}
      propertyPath: PositionList.Array.data[0].offset.y
      value: 40
      objectReference: {fileID: 0}
    - target: {fileID: 4183477021425355395, guid: 08f15b7f2086cc74e9535d34d720097e,
        type: 3}
      propertyPath: PositionList.Array.data[1].offset.y
      value: 40
      objectReference: {fileID: 0}
    - target: {fileID: 6924636830791741104, guid: 08f15b7f2086cc74e9535d34d720097e,
        type: 3}
      propertyPath: m_Name
      value: MonsterMenu
      objectReference: {fileID: 0}
    - target: {fileID: 6924636830791741104, guid: 08f15b7f2086cc74e9535d34d720097e,
        type: 3}
      propertyPath: m_IsActive
      value: 1
      objectReference: {fileID: 0}
    - target: {fileID: 6924636830590778069, guid: 08f15b7f2086cc74e9535d34d720097e,
        type: 3}
      propertyPath: Camera
      value: 
      objectReference: {fileID: 6057699236557145212}
    - target: {fileID: 6924636830768806217, guid: 08f15b7f2086cc74e9535d34d720097e,
        type: 3}
      propertyPath: m_IsActive
      value: 1
      objectReference: {fileID: 0}
    - target: {fileID: 6924636830791741119, guid: 08f15b7f2086cc74e9535d34d720097e,
        type: 3}
      propertyPath: m_LocalPosition.x
      value: 0
      objectReference: {fileID: 0}
    - target: {fileID: 6924636830791741119, guid: 08f15b7f2086cc74e9535d34d720097e,
        type: 3}
      propertyPath: m_LocalPosition.y
      value: -15
      objectReference: {fileID: 0}
    - target: {fileID: 6924636830791741119, guid: 08f15b7f2086cc74e9535d34d720097e,
        type: 3}
      propertyPath: m_LocalPosition.z
      value: 0
      objectReference: {fileID: 0}
    - target: {fileID: 6924636830791741119, guid: 08f15b7f2086cc74e9535d34d720097e,
        type: 3}
      propertyPath: m_LocalRotation.x
      value: 0
      objectReference: {fileID: 0}
    - target: {fileID: 6924636830791741119, guid: 08f15b7f2086cc74e9535d34d720097e,
        type: 3}
      propertyPath: m_LocalRotation.y
      value: 0
      objectReference: {fileID: 0}
    - target: {fileID: 6924636830791741119, guid: 08f15b7f2086cc74e9535d34d720097e,
        type: 3}
      propertyPath: m_LocalRotation.z
      value: 0
      objectReference: {fileID: 0}
    - target: {fileID: 6924636830791741119, guid: 08f15b7f2086cc74e9535d34d720097e,
        type: 3}
      propertyPath: m_LocalRotation.w
      value: 1
      objectReference: {fileID: 0}
    - target: {fileID: 6924636830791741119, guid: 08f15b7f2086cc74e9535d34d720097e,
        type: 3}
      propertyPath: m_RootOrder
      value: 7
      objectReference: {fileID: 0}
    - target: {fileID: 6924636830791741119, guid: 08f15b7f2086cc74e9535d34d720097e,
        type: 3}
      propertyPath: m_LocalEulerAnglesHint.x
      value: 0
      objectReference: {fileID: 0}
    - target: {fileID: 6924636830791741119, guid: 08f15b7f2086cc74e9535d34d720097e,
        type: 3}
      propertyPath: m_LocalEulerAnglesHint.y
      value: 0
      objectReference: {fileID: 0}
    - target: {fileID: 6924636830791741119, guid: 08f15b7f2086cc74e9535d34d720097e,
        type: 3}
      propertyPath: m_LocalEulerAnglesHint.z
      value: 0
      objectReference: {fileID: 0}
    - target: {fileID: 6924636830590778071, guid: 08f15b7f2086cc74e9535d34d720097e,
        type: 3}
      propertyPath: m_IsActive
      value: 1
      objectReference: {fileID: 0}
    - target: {fileID: 8564606731939708459, guid: 08f15b7f2086cc74e9535d34d720097e,
        type: 3}
      propertyPath: m_SizeDelta.y
      value: 0
      objectReference: {fileID: 0}
    - target: {fileID: 8564534427327661425, guid: 08f15b7f2086cc74e9535d34d720097e,
        type: 3}
      propertyPath: m_AnchorMin.y
      value: 0
      objectReference: {fileID: 0}
    - target: {fileID: 8564534427327661425, guid: 08f15b7f2086cc74e9535d34d720097e,
        type: 3}
      propertyPath: m_AnchorMax.y
      value: 0
      objectReference: {fileID: 0}
    - target: {fileID: 8564534427327661425, guid: 08f15b7f2086cc74e9535d34d720097e,
        type: 3}
      propertyPath: m_AnchoredPosition.x
      value: 0
      objectReference: {fileID: 0}
    - target: {fileID: 8564534427327661425, guid: 08f15b7f2086cc74e9535d34d720097e,
        type: 3}
      propertyPath: m_AnchoredPosition.y
      value: 0
      objectReference: {fileID: 0}
    - target: {fileID: 8563755617664335395, guid: 08f15b7f2086cc74e9535d34d720097e,
        type: 3}
      propertyPath: m_AnchorMin.y
      value: 0
      objectReference: {fileID: 0}
    - target: {fileID: 8563755617664335395, guid: 08f15b7f2086cc74e9535d34d720097e,
        type: 3}
      propertyPath: m_AnchorMax.y
      value: 0
      objectReference: {fileID: 0}
    - target: {fileID: 8563755617664335395, guid: 08f15b7f2086cc74e9535d34d720097e,
        type: 3}
      propertyPath: m_AnchoredPosition.x
      value: 0
      objectReference: {fileID: 0}
    - target: {fileID: 8563755617664335395, guid: 08f15b7f2086cc74e9535d34d720097e,
        type: 3}
      propertyPath: m_AnchoredPosition.y
      value: 0
      objectReference: {fileID: 0}
    - target: {fileID: 6924636830637874325, guid: 08f15b7f2086cc74e9535d34d720097e,
        type: 3}
      propertyPath: m_LocalRotation.y
      value: 0
      objectReference: {fileID: 0}
    - target: {fileID: 6924636830637874325, guid: 08f15b7f2086cc74e9535d34d720097e,
        type: 3}
      propertyPath: m_LocalRotation.w
      value: 1
      objectReference: {fileID: 0}
    - target: {fileID: 6924636830637874325, guid: 08f15b7f2086cc74e9535d34d720097e,
        type: 3}
      propertyPath: m_LocalEulerAnglesHint.y
      value: 0
      objectReference: {fileID: 0}
    m_RemovedComponents: []
  m_SourcePrefab: {fileID: 100100000, guid: 08f15b7f2086cc74e9535d34d720097e, type: 3}
--- !u!1 &6057699237011526137 stripped
GameObject:
  m_CorrespondingSourceObject: {fileID: 6924636830791741104, guid: 08f15b7f2086cc74e9535d34d720097e,
    type: 3}
  m_PrefabInstance: {fileID: 3749253141025505097}
  m_PrefabAsset: {fileID: 0}
--- !u!4 &6057699237011526134 stripped
Transform:
  m_CorrespondingSourceObject: {fileID: 6924636830791741119, guid: 08f15b7f2086cc74e9535d34d720097e,
    type: 3}
  m_PrefabInstance: {fileID: 3749253141025505097}
  m_PrefabAsset: {fileID: 0}
--- !u!114 &7970181717855499552 stripped
MonoBehaviour:
  m_CorrespondingSourceObject: {fileID: 6526775606259042921, guid: 08f15b7f2086cc74e9535d34d720097e,
    type: 3}
  m_PrefabInstance: {fileID: 3749253141025505097}
  m_PrefabAsset: {fileID: 0}
  m_GameObject: {fileID: 6057699237011526137}
  m_Enabled: 1
  m_EditorHideFlags: 0
  m_Script: {fileID: 11500000, guid: 09a7ec0b7cd537d458da66b49edc6307, type: 3}
  m_Name: 
  m_EditorClassIdentifier: 
--- !u!1 &6057699237030266368 stripped
GameObject:
  m_CorrespondingSourceObject: {fileID: 6924636830768806217, guid: 08f15b7f2086cc74e9535d34d720097e,
    type: 3}
  m_PrefabInstance: {fileID: 3749253141025505097}
  m_PrefabAsset: {fileID: 0}
--- !u!20 &6057699236557145212 stripped
Camera:
  m_CorrespondingSourceObject: {fileID: 6924636830305581877, guid: 08f15b7f2086cc74e9535d34d720097e,
    type: 3}
  m_PrefabInstance: {fileID: 3749253141025505097}
  m_PrefabAsset: {fileID: 0}
--- !u!1001 &4794253353138965787
PrefabInstance:
  m_ObjectHideFlags: 0
  serializedVersion: 2
  m_Modification:
    m_TransformParent: {fileID: 1927465966066247776}
    m_Modifications:
    - target: {fileID: 8611971055082863594, guid: 5fd53190d577f7847a5a5e0792c88049,
        type: 3}
      propertyPath: m_Name
      value: Reversed Ability Menu Controller
      objectReference: {fileID: 0}
    - target: {fileID: 8613152576467298970, guid: 5fd53190d577f7847a5a5e0792c88049,
        type: 3}
      propertyPath: m_LocalPosition.x
      value: 0
      objectReference: {fileID: 0}
    - target: {fileID: 8613152576467298970, guid: 5fd53190d577f7847a5a5e0792c88049,
        type: 3}
      propertyPath: m_LocalPosition.y
      value: 0
      objectReference: {fileID: 0}
    - target: {fileID: 8613152576467298970, guid: 5fd53190d577f7847a5a5e0792c88049,
        type: 3}
      propertyPath: m_LocalPosition.z
      value: 0
      objectReference: {fileID: 0}
    - target: {fileID: 8613152576467298970, guid: 5fd53190d577f7847a5a5e0792c88049,
        type: 3}
      propertyPath: m_LocalRotation.x
      value: 0
      objectReference: {fileID: 0}
    - target: {fileID: 8613152576467298970, guid: 5fd53190d577f7847a5a5e0792c88049,
        type: 3}
      propertyPath: m_LocalRotation.y
      value: 0
      objectReference: {fileID: 0}
    - target: {fileID: 8613152576467298970, guid: 5fd53190d577f7847a5a5e0792c88049,
        type: 3}
      propertyPath: m_LocalRotation.z
      value: 0
      objectReference: {fileID: 0}
    - target: {fileID: 8613152576467298970, guid: 5fd53190d577f7847a5a5e0792c88049,
        type: 3}
      propertyPath: m_LocalRotation.w
      value: 1
      objectReference: {fileID: 0}
    - target: {fileID: 8613152576467298970, guid: 5fd53190d577f7847a5a5e0792c88049,
        type: 3}
      propertyPath: m_RootOrder
      value: 1
      objectReference: {fileID: 0}
    - target: {fileID: 8613152576467298970, guid: 5fd53190d577f7847a5a5e0792c88049,
        type: 3}
      propertyPath: m_LocalEulerAnglesHint.x
      value: 0
      objectReference: {fileID: 0}
    - target: {fileID: 8613152576467298970, guid: 5fd53190d577f7847a5a5e0792c88049,
        type: 3}
      propertyPath: m_LocalEulerAnglesHint.y
      value: 0
      objectReference: {fileID: 0}
    - target: {fileID: 8613152576467298970, guid: 5fd53190d577f7847a5a5e0792c88049,
        type: 3}
      propertyPath: m_LocalEulerAnglesHint.z
      value: 0
      objectReference: {fileID: 0}
    - target: {fileID: 8402031683770040508, guid: 5fd53190d577f7847a5a5e0792c88049,
        type: 3}
      propertyPath: m_SizeDelta.y
      value: 0
      objectReference: {fileID: 0}
    - target: {fileID: 8402254080351124454, guid: 5fd53190d577f7847a5a5e0792c88049,
        type: 3}
      propertyPath: m_AnchorMin.y
      value: 0
      objectReference: {fileID: 0}
    - target: {fileID: 8402254080351124454, guid: 5fd53190d577f7847a5a5e0792c88049,
        type: 3}
      propertyPath: m_AnchorMax.y
      value: 0
      objectReference: {fileID: 0}
    - target: {fileID: 8402254080351124454, guid: 5fd53190d577f7847a5a5e0792c88049,
        type: 3}
      propertyPath: m_AnchoredPosition.x
      value: 0
      objectReference: {fileID: 0}
    - target: {fileID: 8402254080351124454, guid: 5fd53190d577f7847a5a5e0792c88049,
        type: 3}
      propertyPath: m_AnchoredPosition.y
      value: 0
      objectReference: {fileID: 0}
    - target: {fileID: 8511549656780622470, guid: 5fd53190d577f7847a5a5e0792c88049,
        type: 3}
      propertyPath: m_Type
      value: 1
      objectReference: {fileID: 0}
    - target: {fileID: 8401756898138570932, guid: 5fd53190d577f7847a5a5e0792c88049,
        type: 3}
      propertyPath: m_AnchorMin.y
      value: 0
      objectReference: {fileID: 0}
    - target: {fileID: 8401756898138570932, guid: 5fd53190d577f7847a5a5e0792c88049,
        type: 3}
      propertyPath: m_AnchorMax.y
      value: 0
      objectReference: {fileID: 0}
    - target: {fileID: 8401756898138570932, guid: 5fd53190d577f7847a5a5e0792c88049,
        type: 3}
      propertyPath: m_AnchoredPosition.x
      value: 0
      objectReference: {fileID: 0}
    - target: {fileID: 8401756898138570932, guid: 5fd53190d577f7847a5a5e0792c88049,
        type: 3}
      propertyPath: m_AnchoredPosition.y
      value: 0
      objectReference: {fileID: 0}
    m_RemovedComponents: []
  m_SourcePrefab: {fileID: 100100000, guid: 5fd53190d577f7847a5a5e0792c88049, type: 3}
--- !u!4 &3819207121245841281 stripped
Transform:
  m_CorrespondingSourceObject: {fileID: 8613152576467298970, guid: 5fd53190d577f7847a5a5e0792c88049,
    type: 3}
  m_PrefabInstance: {fileID: 4794253353138965787}
  m_PrefabAsset: {fileID: 0}
--- !u!114 &3789806700537988415 stripped
MonoBehaviour:
  m_CorrespondingSourceObject: {fileID: 8507446048822954020, guid: 5fd53190d577f7847a5a5e0792c88049,
    type: 3}
  m_PrefabInstance: {fileID: 4794253353138965787}
  m_PrefabAsset: {fileID: 0}
  m_GameObject: {fileID: 0}
  m_Enabled: 1
  m_EditorHideFlags: 0
  m_Script: {fileID: 11500000, guid: 6f36cea0f4b5f96458cf0b271ce15b0d, type: 3}
  m_Name: 
  m_EditorClassIdentifier: 
--- !u!1001 &5080187982664861142
PrefabInstance:
  m_ObjectHideFlags: 0
  serializedVersion: 2
  m_Modification:
    m_TransformParent: {fileID: 1927465966066247776}
    m_Modifications:
    - target: {fileID: 1509569074226961580, guid: f923145f0b4bd2c4ca3d8b05214d7082,
        type: 3}
      propertyPath: m_Name
      value: StatGrowthPanel
      objectReference: {fileID: 0}
    - target: {fileID: 1509569074226961583, guid: f923145f0b4bd2c4ca3d8b05214d7082,
        type: 3}
      propertyPath: m_LocalPosition.x
      value: 0
      objectReference: {fileID: 0}
    - target: {fileID: 1509569074226961583, guid: f923145f0b4bd2c4ca3d8b05214d7082,
        type: 3}
      propertyPath: m_LocalPosition.y
      value: 0
      objectReference: {fileID: 0}
    - target: {fileID: 1509569074226961583, guid: f923145f0b4bd2c4ca3d8b05214d7082,
        type: 3}
      propertyPath: m_LocalPosition.z
      value: 0
      objectReference: {fileID: 0}
    - target: {fileID: 1509569074226961583, guid: f923145f0b4bd2c4ca3d8b05214d7082,
        type: 3}
      propertyPath: m_LocalRotation.x
      value: 0
      objectReference: {fileID: 0}
    - target: {fileID: 1509569074226961583, guid: f923145f0b4bd2c4ca3d8b05214d7082,
        type: 3}
      propertyPath: m_LocalRotation.y
      value: 0
      objectReference: {fileID: 0}
    - target: {fileID: 1509569074226961583, guid: f923145f0b4bd2c4ca3d8b05214d7082,
        type: 3}
      propertyPath: m_LocalRotation.z
      value: 0
      objectReference: {fileID: 0}
    - target: {fileID: 1509569074226961583, guid: f923145f0b4bd2c4ca3d8b05214d7082,
        type: 3}
      propertyPath: m_LocalRotation.w
      value: 1
      objectReference: {fileID: 0}
    - target: {fileID: 1509569074226961583, guid: f923145f0b4bd2c4ca3d8b05214d7082,
        type: 3}
      propertyPath: m_RootOrder
      value: 8
      objectReference: {fileID: 0}
    - target: {fileID: 1509569074226961583, guid: f923145f0b4bd2c4ca3d8b05214d7082,
        type: 3}
      propertyPath: m_LocalEulerAnglesHint.x
      value: 0
      objectReference: {fileID: 0}
    - target: {fileID: 1509569074226961583, guid: f923145f0b4bd2c4ca3d8b05214d7082,
        type: 3}
      propertyPath: m_LocalEulerAnglesHint.y
      value: 0
      objectReference: {fileID: 0}
    - target: {fileID: 1509569074226961583, guid: f923145f0b4bd2c4ca3d8b05214d7082,
        type: 3}
      propertyPath: m_LocalEulerAnglesHint.z
      value: 0
      objectReference: {fileID: 0}
    - target: {fileID: 1509569073719393890, guid: f923145f0b4bd2c4ca3d8b05214d7082,
        type: 3}
      propertyPath: m_AnchoredPosition.y
      value: -7.3000183
      objectReference: {fileID: 0}
    m_RemovedComponents: []
  m_SourcePrefab: {fileID: 100100000, guid: f923145f0b4bd2c4ca3d8b05214d7082, type: 3}
--- !u!4 &5941203516508084601 stripped
Transform:
  m_CorrespondingSourceObject: {fileID: 1509569074226961583, guid: f923145f0b4bd2c4ca3d8b05214d7082,
    type: 3}
  m_PrefabInstance: {fileID: 5080187982664861142}
  m_PrefabAsset: {fileID: 0}
--- !u!114 &5941203516508084600 stripped
MonoBehaviour:
  m_CorrespondingSourceObject: {fileID: 1509569074226961582, guid: f923145f0b4bd2c4ca3d8b05214d7082,
    type: 3}
  m_PrefabInstance: {fileID: 5080187982664861142}
  m_PrefabAsset: {fileID: 0}
  m_GameObject: {fileID: 0}
  m_Enabled: 1
  m_EditorHideFlags: 0
  m_Script: {fileID: 11500000, guid: 101faac6ca78e4144b2d3c657529ccec, type: 3}
  m_Name: 
  m_EditorClassIdentifier: 
--- !u!1001 &5088046420468688933
PrefabInstance:
  m_ObjectHideFlags: 0
  serializedVersion: 2
  m_Modification:
    m_TransformParent: {fileID: 1927465966066247776}
    m_Modifications:
    - target: {fileID: 5805277460963833645, guid: 855582ba12840fc4ea8023d5f8d84fa3,
        type: 3}
      propertyPath: m_Name
      value: CameraRig
      objectReference: {fileID: 0}
    - target: {fileID: 5805277460963833643, guid: 855582ba12840fc4ea8023d5f8d84fa3,
        type: 3}
      propertyPath: m_LocalPosition.x
      value: -3.56
      objectReference: {fileID: 0}
    - target: {fileID: 5805277460963833643, guid: 855582ba12840fc4ea8023d5f8d84fa3,
        type: 3}
      propertyPath: m_LocalPosition.y
      value: 2
      objectReference: {fileID: 0}
    - target: {fileID: 5805277460963833643, guid: 855582ba12840fc4ea8023d5f8d84fa3,
        type: 3}
      propertyPath: m_LocalPosition.z
      value: -2.92
      objectReference: {fileID: 0}
    - target: {fileID: 5805277460963833643, guid: 855582ba12840fc4ea8023d5f8d84fa3,
        type: 3}
      propertyPath: m_LocalRotation.x
      value: 0
      objectReference: {fileID: 0}
    - target: {fileID: 5805277460963833643, guid: 855582ba12840fc4ea8023d5f8d84fa3,
        type: 3}
      propertyPath: m_LocalRotation.y
      value: 0
      objectReference: {fileID: 0}
    - target: {fileID: 5805277460963833643, guid: 855582ba12840fc4ea8023d5f8d84fa3,
        type: 3}
      propertyPath: m_LocalRotation.z
      value: 0
      objectReference: {fileID: 0}
    - target: {fileID: 5805277460963833643, guid: 855582ba12840fc4ea8023d5f8d84fa3,
        type: 3}
      propertyPath: m_LocalRotation.w
      value: 1
      objectReference: {fileID: 0}
    - target: {fileID: 5805277460963833643, guid: 855582ba12840fc4ea8023d5f8d84fa3,
        type: 3}
      propertyPath: m_RootOrder
      value: 0
      objectReference: {fileID: 0}
    - target: {fileID: 5805277460963833643, guid: 855582ba12840fc4ea8023d5f8d84fa3,
        type: 3}
      propertyPath: m_LocalEulerAnglesHint.x
      value: 0
      objectReference: {fileID: 0}
    - target: {fileID: 5805277460963833643, guid: 855582ba12840fc4ea8023d5f8d84fa3,
        type: 3}
      propertyPath: m_LocalEulerAnglesHint.y
      value: 0
      objectReference: {fileID: 0}
    - target: {fileID: 5805277460963833643, guid: 855582ba12840fc4ea8023d5f8d84fa3,
        type: 3}
      propertyPath: m_LocalEulerAnglesHint.z
      value: 0
      objectReference: {fileID: 0}
    m_RemovedComponents: []
  m_SourcePrefab: {fileID: 100100000, guid: 855582ba12840fc4ea8023d5f8d84fa3, type: 3}
--- !u!4 &1588682516350328590 stripped
Transform:
  m_CorrespondingSourceObject: {fileID: 5805277460963833643, guid: 855582ba12840fc4ea8023d5f8d84fa3,
    type: 3}
  m_PrefabInstance: {fileID: 5088046420468688933}
  m_PrefabAsset: {fileID: 0}
--- !u!114 &1588682516350328585 stripped
MonoBehaviour:
  m_CorrespondingSourceObject: {fileID: 5805277460963833644, guid: 855582ba12840fc4ea8023d5f8d84fa3,
    type: 3}
  m_PrefabInstance: {fileID: 5088046420468688933}
  m_PrefabAsset: {fileID: 0}
  m_GameObject: {fileID: 0}
  m_Enabled: 1
  m_EditorHideFlags: 0
  m_Script: {fileID: 11500000, guid: 3e2dbdc47b39ae34d9e30077133b4ec4, type: 3}
  m_Name: 
  m_EditorClassIdentifier: 
--- !u!1001 &5310943170784955386
PrefabInstance:
  m_ObjectHideFlags: 0
  serializedVersion: 2
  m_Modification:
    m_TransformParent: {fileID: 1927465966066247776}
    m_Modifications:
    - target: {fileID: 2019312463362117088, guid: 06a927d0ff02f6748bd8931dcbff0108,
        type: 3}
      propertyPath: m_Name
      value: SmallBattleMessageController
      objectReference: {fileID: 0}
    - target: {fileID: 1769563418641704073, guid: 06a927d0ff02f6748bd8931dcbff0108,
        type: 3}
      propertyPath: m_LocalPosition.x
      value: 0
      objectReference: {fileID: 0}
    - target: {fileID: 1769563418641704073, guid: 06a927d0ff02f6748bd8931dcbff0108,
        type: 3}
      propertyPath: m_LocalPosition.y
      value: 0
      objectReference: {fileID: 0}
    - target: {fileID: 1769563418641704073, guid: 06a927d0ff02f6748bd8931dcbff0108,
        type: 3}
      propertyPath: m_LocalPosition.z
      value: 0
      objectReference: {fileID: 0}
    - target: {fileID: 1769563418641704073, guid: 06a927d0ff02f6748bd8931dcbff0108,
        type: 3}
      propertyPath: m_LocalRotation.x
      value: -0
      objectReference: {fileID: 0}
    - target: {fileID: 1769563418641704073, guid: 06a927d0ff02f6748bd8931dcbff0108,
        type: 3}
      propertyPath: m_LocalRotation.y
      value: -0
      objectReference: {fileID: 0}
    - target: {fileID: 1769563418641704073, guid: 06a927d0ff02f6748bd8931dcbff0108,
        type: 3}
      propertyPath: m_LocalRotation.z
      value: -0
      objectReference: {fileID: 0}
    - target: {fileID: 1769563418641704073, guid: 06a927d0ff02f6748bd8931dcbff0108,
        type: 3}
      propertyPath: m_LocalRotation.w
      value: 1
      objectReference: {fileID: 0}
    - target: {fileID: 1769563418641704073, guid: 06a927d0ff02f6748bd8931dcbff0108,
        type: 3}
      propertyPath: m_RootOrder
      value: 5
      objectReference: {fileID: 0}
    - target: {fileID: 1769563418641704073, guid: 06a927d0ff02f6748bd8931dcbff0108,
        type: 3}
      propertyPath: m_LocalEulerAnglesHint.x
      value: 0
      objectReference: {fileID: 0}
    - target: {fileID: 1769563418641704073, guid: 06a927d0ff02f6748bd8931dcbff0108,
        type: 3}
      propertyPath: m_LocalEulerAnglesHint.y
      value: 0
      objectReference: {fileID: 0}
    - target: {fileID: 1769563418641704073, guid: 06a927d0ff02f6748bd8931dcbff0108,
        type: 3}
      propertyPath: m_LocalEulerAnglesHint.z
      value: 0
      objectReference: {fileID: 0}
    m_RemovedComponents: []
  m_SourcePrefab: {fileID: 100100000, guid: 06a927d0ff02f6748bd8931dcbff0108, type: 3}
--- !u!4 &5853133745632489331 stripped
Transform:
  m_CorrespondingSourceObject: {fileID: 1769563418641704073, guid: 06a927d0ff02f6748bd8931dcbff0108,
    type: 3}
  m_PrefabInstance: {fileID: 5310943170784955386}
  m_PrefabAsset: {fileID: 0}
--- !u!114 &6556064330445524951 stripped
MonoBehaviour:
  m_CorrespondingSourceObject: {fileID: 1391492890005079085, guid: 06a927d0ff02f6748bd8931dcbff0108,
    type: 3}
  m_PrefabInstance: {fileID: 5310943170784955386}
  m_PrefabAsset: {fileID: 0}
  m_GameObject: {fileID: 0}
  m_Enabled: 1
  m_EditorHideFlags: 0
  m_Script: {fileID: 11500000, guid: e2fecabf097c4094fb37a778a0ed9dde, type: 3}
  m_Name: 
  m_EditorClassIdentifier: 
--- !u!1001 &8324221337106770568
PrefabInstance:
  m_ObjectHideFlags: 0
  serializedVersion: 2
  m_Modification:
    m_TransformParent: {fileID: 1927465966066247776}
    m_Modifications:
    - target: {fileID: 3130868439762545009, guid: 67dbce815e34cce4db252615a1568012,
        type: 3}
      propertyPath: m_Name
      value: AutoStatusController
      objectReference: {fileID: 0}
    - target: {fileID: 2936481402052011839, guid: 67dbce815e34cce4db252615a1568012,
        type: 3}
      propertyPath: m_LocalPosition.x
      value: 0
      objectReference: {fileID: 0}
    - target: {fileID: 2936481402052011839, guid: 67dbce815e34cce4db252615a1568012,
        type: 3}
      propertyPath: m_LocalPosition.y
      value: 0
      objectReference: {fileID: 0}
    - target: {fileID: 2936481402052011839, guid: 67dbce815e34cce4db252615a1568012,
        type: 3}
      propertyPath: m_LocalPosition.z
      value: 0
      objectReference: {fileID: 0}
    - target: {fileID: 2936481402052011839, guid: 67dbce815e34cce4db252615a1568012,
        type: 3}
      propertyPath: m_LocalRotation.x
      value: 0
      objectReference: {fileID: 0}
    - target: {fileID: 2936481402052011839, guid: 67dbce815e34cce4db252615a1568012,
        type: 3}
      propertyPath: m_LocalRotation.y
      value: 0
      objectReference: {fileID: 0}
    - target: {fileID: 2936481402052011839, guid: 67dbce815e34cce4db252615a1568012,
        type: 3}
      propertyPath: m_LocalRotation.z
      value: 0
      objectReference: {fileID: 0}
    - target: {fileID: 2936481402052011839, guid: 67dbce815e34cce4db252615a1568012,
        type: 3}
      propertyPath: m_LocalRotation.w
      value: 1
      objectReference: {fileID: 0}
    - target: {fileID: 2936481402052011839, guid: 67dbce815e34cce4db252615a1568012,
        type: 3}
      propertyPath: m_RootOrder
      value: 4
      objectReference: {fileID: 0}
    - target: {fileID: 2936481402052011839, guid: 67dbce815e34cce4db252615a1568012,
        type: 3}
      propertyPath: m_LocalEulerAnglesHint.x
      value: 0
      objectReference: {fileID: 0}
    - target: {fileID: 2936481402052011839, guid: 67dbce815e34cce4db252615a1568012,
        type: 3}
      propertyPath: m_LocalEulerAnglesHint.y
      value: 0
      objectReference: {fileID: 0}
    - target: {fileID: 2936481402052011839, guid: 67dbce815e34cce4db252615a1568012,
        type: 3}
      propertyPath: m_LocalEulerAnglesHint.z
      value: 0
      objectReference: {fileID: 0}
    m_RemovedComponents: []
  m_SourcePrefab: {fileID: 100100000, guid: 67dbce815e34cce4db252615a1568012, type: 3}
--- !u!4 &6576919520623988151 stripped
Transform:
  m_CorrespondingSourceObject: {fileID: 2936481402052011839, guid: 67dbce815e34cce4db252615a1568012,
    type: 3}
  m_PrefabInstance: {fileID: 8324221337106770568}
  m_PrefabAsset: {fileID: 0}
--- !u!114 &3080105977227359069 stripped
MonoBehaviour:
  m_CorrespondingSourceObject: {fileID: 6429784719948798421, guid: 67dbce815e34cce4db252615a1568012,
    type: 3}
  m_PrefabInstance: {fileID: 8324221337106770568}
  m_PrefabAsset: {fileID: 0}
  m_GameObject: {fileID: 0}
  m_Enabled: 1
  m_EditorHideFlags: 0
  m_Script: {fileID: 11500000, guid: 17ea6f3b750a1704bbe92d6629dbce3d, type: 3}
  m_Name: 
  m_EditorClassIdentifier: 
